@inproceedings{DBLP:conf/middleware/PadillaWB14,
  author    = {Francisco Javier Acosta Padilla and
               Fr{\'{e}}d{\'{e}}ric Weis and
               Johann Bourcier},
  title     = {Towards a model@runtime middleware for cyber physical systems},
  booktitle = {Proceedings of the 9th Workshop on Middleware for Next Generation
               Internet Computing, MW4NG@Middleware 2014, Bordeaux, France, December
               8-12, 2014},
  pages     = {6:1--6:6},
  year      = {2014},
  crossref  = {DBLP:conf/middleware/2014mw4ng},
  url       = {http://doi.acm.org/10.1145/2676733.2676741},
  doi       = {10.1145/2676733.2676741},
  timestamp = {Wed, 29 Apr 2015 20:31:10 +0200},
  biburl    = {http://dblp.uni-trier.de/rec/bib/conf/middleware/PadillaWB14},
  bibsource = {dblp computer science bibliography, http://dblp.org}
}

